@book{pmbok,
	Author = {Project Management Institute - PMI},
	Title = {Um Guia do Conhecimento em Gerenciamento de Projetos (Guia PMBOK)},
	Year = {2013},
	Pages = {595}
}

@online{safe,
      author = "Scaled Agile Inc - SAFe",
      title = "Roadmap",
      month = "January",
      year = "2017",
      url = "http://www.scaledagileframework.com/roadmap/"
}

@article {phaal,
Author = {Robert Phaal and Clare J P Farrukh and David R Probert},
Title = {Technology roadmapping—A planning framework for evolution and revolution},
Year = {2003},
Pages = {22},
Editor = {CISTI},
Address = {Department of Engineering, University of Cambridge, Mill Lane, Cambridge}

}
@article{dasilva2016,
	Author = {Dyego A. da Silva and Edgard C. de Oliveira and Edna D. Canedo and Hugo F. MARTINS},
	Title = {Application of a hybrid process software requirements management},
	Year = {2016},
	Pages = {100},
	Editor = {CISTI},
}

@article{swebok2004,
	Author = {IEEE},
	Title = {SWEBOK v.3},
	Year = {2004},
	Address = {},
	Pages = {},
	Editor = {IEEE Society},
}

@article{glass2001,
	Author = {R. Glass},
	Title = {Agile Versus Traditional: Make Love, Not War},
	Year = {2001},
	Editor = {Cutter IT Journal},
}

@article{turetken2016,
	Author = {O. TURETKEN and I. STOJANOV and J.J.M. TRIENEKENS and},
	Title = {Assessing the adoption level of scaled agile development: a maturity model for Scaled Agile Framework},
	Year = {2016},
	Editor = {Journal of Software: Evolution and Process},
}

@book{box2005,
    author    = "George E. P. Box",
    title     = "Statistics for Experimenters",
    year      = "2005",
}

@manual{guia2012,
	author = "SOFTEX",
	title = "Guia de Implementação – Parte 10: Implementação do MR-MPS em
organizações do tipo Fábrica de Teste",
	year = "2012",
}

@article{yousuf2015,
	author = {M. Yousuf and M. Asger},
	title = "Comparisson of Various Requirements Elicitation Techniques",
	editor = {International Journal of Computer Applications: Volume 116},
	year = "2015",
}

@article{paetsch2003,
	author = {F. Paetsch},
	title = "Requirements Engineering in Agile Software Development",
	editor = {Calgary},
	year = "2003",
	pages = "72"
}

@article{delucia2010,
	author = {A. de Lucia and A. QUSEF},
	title = {Requirements Engineering in Agile Software Development},
	editor = {Journal of Emerging Technologies in Web Intelligence: Volume 2, n. 3},
	year = "2010"
}

@article{gunda2008,
	author = {S. G. Gunda},
	title = {Requirements Engineering: Elicitation Techniques},
	editor = {Journal of Emerging Technologies in Web Intelligence: Volume 2, n. 3},
	year = "2008",
	address = "Trollhättan, Suécia",
	pages = "38",
}

@article{edwards1991,
	author = {M. Edwards and S. Howell},
	title = {A Methodology for System Requeriments Specification and Traceability for Large Real-Time Complex Systems},
	editor = {U.S Naval Surface Warface Centrer-Dahlgren Division},
	year = "1991",
}

@article{finkelstein1995,
	author = {G. FINKELSTEIN},
	title = {Contribution structures for requirements traceability},
	year = "1995",
}

@article{sommerville1998,
	author = {I. SOMMERVILLE},
	title = {Requirements engineering: Process and techniques},
	year = "1998",
}

@article{genvigir2009,
	author = {E. GENVIGIR},
	title = {Um modelo para rastreabilidade de requisitos de software baseado em generalização de elos e atributos},
	year = "2009",
}
